@inproceedings{zagalsky2015emergence,
  title={The Emergence of GitHub as a Collaborative Platform for Education},
  author={Zagalsky, Alexey and Feliciano, Joseph and Storey, Margaret-Anne and Zhao, Yiyun and Wang, Weiliang},
  booktitle={Proceedings of the 18th ACM Conference on Computer Supported Cooperative Work \& Social Computing},
  pages={1906--1917},
  year={2015},
  organization={ACM}
}

@inproceedings{kumar2011comparative,
  title={A comparative study of moodle with other e-learning systems},
  author={Kumar, Sheo and Gankotiya, Anil Kumar and Dutta, Kamlesh},
  booktitle={Electronics Computer Technology (ICECT), 2011 3rd International Conference on},
  volume={5},
  pages={414--418},
  year={2011},
  organization={IEEE}
}

@article{malikowski2007model,
  title={A model for research into course management systems: Bridging technology and learning theory},
  author={Malikowski, Steven R and Thompson, Merton E and Theis, John G},
  journal={Journal of educational computing research},
  volume={36},
  number={2},
  pages={149--173},
  year={2007},
  publisher={Baywood}
}

@inproceedings{edrees2013elearning,
  title={eLearning 2.0: Learning management systems readiness},
  author={Edrees, Mohamed E},
  booktitle={e-Learning" Best Practices in Management, Design and Development of e-Courses: Standards of Excellence and Creativity", 2013 Fourth International Conference on},
  pages={90--96},
  year={2013},
  organization={IEEE}
}

@inproceedings{mcloughlin2007social,
  title={Social software and participatory learning: Pedagogical choices with technology affordances in the Web 2.0 era},
  author={McLoughlin, Catherine and Lee, Mark JW},
  booktitle={ICT: Providing choices for learners and learning. Proceedings ascilite Singapore 2007},
  pages={664--675},
  year={2007}
}

@article{dalsgaard2006social,
  title={Social software: E-learning beyond learning management systems},
  author={Dalsgaard, Christian},
  journal={European Journal of Open, Distance and E-Learning},
  volume={2006},
  number={2},
  year={2006},
  publisher={unknown}
}

@article{hamer2006some,
  title={Some experiences with the contributing student approach},
  author={Hamer, John},
  journal={ACM SIGCSE Bulletin},
  volume={38},
  number={3},
  pages={68--72},
  year={2006},
  publisher={ACM}
}

@article{hamer2008contributing,
  title={Contributing student pedagogy},
  author={Hamer, John and Cutts, Quintin and Jackova, Jana and Luxton-Reilly, Andrew and McCartney, Robert and Purchase, Helen and Riedesel, Charles and Saeli, Mara and Sanders, Kate and Sheard, Judithe},
  journal={ACM SIGCSE Bulletin},
  volume={40},
  number={4},
  pages={194--212},
  year={2008},
  publisher={ACM}
}

@article{falkner2012supporting,
  title={Supporting and structuring “contributing student pedagogy” in Computer Science curricula},
  author={Falkner, Katrina and Falkner, Nickolas JG},
  journal={Computer Science Education},
  volume={22},
  number={4},
  pages={413--443},
  year={2012},
  publisher={Taylor \& Francis}
}

@inproceedings{jazayeri2004education,
  title={The education of a software engineer},
  author={Jazayeri, Mehdi},
  booktitle={Proceedings of the 19th IEEE international conference on Automated software engineering},
  pages={18--xxvii},
  year={2004},
  organization={IEEE Computer Society}
}
@inproceedings{haaranen2015teaching,
  title={Teaching Git on the Side: Version Control System as a Course Platform},
  author={Haaranen, Lassi and Lehtinen, Teemu},
  booktitle={Proceedings of the 2015 ACM Conference on Innovation and Technology in Computer Science Education},
  pages={87--92},
  year={2015},
  organization={ACM}
}

@book{jenkins2009confronting,
  title={Confronting the challenges of participatory culture: Media education for the 21st century},
  author={Jenkins, Henry},
  year={2009},
  publisher={Mit Press}
}

@inproceedings{meneely2009preparing,
  title={On preparing students for distributed software development with a synchronous, collaborative development platform},
  author={Meneely, Andrew and Williams, Laurie},
  booktitle={ACM SIGCSE Bulletin},
  volume={41},
  number={1},
  pages={529--533},
  year={2009},
  organization={ACM}
}

@article{hamer2011tools,
  title={Tools for contributing student learning},
  author={Hamer, John and Luxton-Reilly, Andrew and Purchase, Helen C and Sheard, Judithe},
  journal={ACM Inroads},
  volume={2},
  number={2},
  pages={78--91},
  year={2011},
  publisher={ACM}
}

@article{reid2005learning,
  title={Learning by doing: introducing version control as a way to manage student assignments},
  author={Reid, Karen L and Wilson, Gregory V},
  journal={ACM SIGCSE Bulletin},
  volume={37},
  number={1},
  pages={272--276},
  year={2005},
  publisher={ACM}
}

@inproceedings{clifton2007subverting,
  title={Subverting the fundamentals sequence: using version control to enhance course management},
  author={Clifton, Curtis and Kaczmarczyk, Lisa C and Mrozek, Michael},
  booktitle={ACM SIGCSE Bulletin},
  volume={39},
  number={1},
  pages={86--90},
  year={2007},
  organization={ACM}
}

@article{griffin2013github,
  title={Github in the classroom: Not just for group projects},
  author={Griffin, Terry and Seals, Shawn},
  journal={Journal of Computing Sciences in Colleges},
  volume={28},
  number={4},
  pages={74--74},
  year={2013},
  publisher={Consortium for Computing Sciences in Colleges}
}

@inproceedings{kelleher2014employing,
  title={Employing git in the classroom},
  author={Kelleher, John},
  booktitle={Computer Applications and Information Systems (WCCAIS), 2014 World Congress on},
  pages={1--4},
  year={2014},
  organization={IEEE}
}




@inproceedings{dabbish2012social,
  title={Social coding in GitHub: transparency and collaboration in an open software repository},
  author={Dabbish, Laura and Stuart, Colleen and Tsay, Jason and Herbsleb, Jim},
  booktitle={Proceedings of the ACM 2012 conference on Computer Supported Cooperative Work},
  pages={1277--1286},
  year={2012},
  organization={ACM}
}

@incollection{easterbrook2008selecting,
  title={Selecting empirical methods for software engineering research},
  author={Easterbrook, Steve and Singer, Janice and Storey, Margaret-Anne and Damian, Daniela},
  booktitle={Guide to advanced empirical software engineering},
  pages={285--311},
  year={2008},
  publisher={Springer}
}



@article{wakeford2008fieldnotes,
  title={Fieldnotes in public: using blogs for research},
  author={Wakeford, Nina and Cohen, Kris},
  journal={The Sage handbook of online research methods},
  pages={307--326},
  year={2008}
}

@inproceedings{britton2013using,
  title={Using version control in the classroom},
  author={Britton, John and Berglund, Tim},
  booktitle={Proceeding of the 44th ACM technical symposium on Computer science education},
  pages={753--753},
  year={2013},
  organization={ACM}
}

@article{glassy2006using,
  title={Using version control to observe student software development processes},
  author={Glassy, Louis},
  journal={Journal of Computing Sciences in Colleges},
  volume={21},
  number={3},
  pages={99--106},
  year={2006},
  publisher={Consortium for Computing Sciences in Colleges}
}

@article{dalsgaard2009transparency,
  title={Transparency in cooperative online education},
  author={Dalsgaard, Christian and Paulsen, Morten Flate},
  journal={The International Review of Research in Open and Distance Learning},
  volume={10},
  number={3},
  year={2009}
}

@inproceedings{dourish1992awareness,
  title={Awareness and coordination in shared workspaces},
  author={Dourish, Paul and Bellotti, Victoria},
  booktitle={Proceedings of the 1992 ACM conference on Computer-supported cooperative work},
  pages={107--114},
  year={1992},
  organization={ACM}
}

@book{creswell2013research,
  title={Research design: Qualitative, quantitative, and mixed methods approaches},
  author={Creswell, John W},
  year={2013},
  publisher={Sage publications}
}

@book{yin2013case,
  title={Case study research: Design and methods},
  author={Yin, Robert K},
  year={2013},
  publisher={Sage publications}
}

@book{runeson2012case,
  title={Case study research in software engineering: Guidelines and examples},
  author={Runeson, Per and Host, Martin and Rainer, Austen and Regnell, Bjorn},
  year={2012},
  publisher={John Wiley \& Sons}
}

@inproceedings{sant2015code,
  title={Code repurposing as an assessment tool},
  author={Sant, Joseph},
  booktitle={Proceedings of the 37th International Conference on Software Engineering-Volume 2},
  pages={295--298},
  year={2015},
  organization={IEEE Press}
}

@article{sondergaard2012collaborative,
  title={Collaborative learning through formative peer review: pedagogy, programs and potential},
  author={S{\o}ndergaard, Harald and Mulder, Raoul A},
  journal={Computer Science Education},
  volume={22},
  number={4},
  pages={343--367},
  year={2012},
  publisher={Taylor \& Francis}
}

@article{janssen2013coordinated,
  title={Coordinated computer-supported collaborative learning: Awareness and awareness tools},
  author={Janssen, Jeroen and Bodemer, Daniel},
  journal={Educational Psychologist},
  volume={48},
  number={1},
  pages={40--55},
  year={2013},
  publisher={Taylor \& Francis}
}

@article{glassy2006using,
  title={Using version control to observe student software development processes},
  author={Glassy, Louis},
  journal={Journal of Computing Sciences in Colleges},
  volume={21},
  number={3},
  pages={99--106},
  year={2006},
  publisher={Consortium for Computing Sciences in Colleges}
}

@inproceedings{marlow2013impression,
  title={Impression formation in online peer production: activity traces and personal profiles in github},
  author={Marlow, Jennifer and Dabbish, Laura and Herbsleb, Jim},
  booktitle={Proceedings of the 2013 conference on Computer supported cooperative work},
  pages={117--128},
  year={2013},
  organization={ACM}
}
